@article{a,
author = {William Stallings},
title = {Cryptography and Network Security: Principles and Practice},
journal = {Advanced Encryption Standar},
year = {2005},
volume = {5to Edicion},
pages = {147-191}
}

@article{b,
author = {William Stallings},
title = {Cryptography and Network Security},
journal = {Cryptography and Network Security},
year = {2005},
volume = {4to Edicion},
pages = {134-165}
}

@article{c,
author = {Alfred J.Menezes - Paul C.van Oorschot - Scott A. Vanstone},
title = {Handbook of Applied cryptography},
journal = {Introduction, Information security and cryptography},
year = {1996},
volume = {4to Edicion},
pages = {1-2}
}


@article{d,
author = {Alfred J.Menezes - Paul C.van Oorschot - Scott A. Vanstone},
title = {Handbook of Applied cryptography},
journal = {Basic terminology and concepts},
year = {1996},
volume = {4to Edicion},
pages = {11-15}
}


@article{e,
author = {Alfred J.Menezes - Paul C.van Oorschot - Scott A. Vanstone},
title = {Handbook of Applied cryptography},
journal = {Symmetric-key encryption},
year = {1996},
volume = {4to Edicion},
pages = {15-21}
}


@article{f,
author = {Alfred J.Menezes - Paul C.van Oorschot - Scott A. Vanstone},
title = {Handbook of Applied cryptography},
journal = {Public-key cryptography},
year = {1996},
volume = {4to Edicion},
pages = {25-31}
}

@article{g,
author = {Alfred J.Menezes - Paul C.van Oorschot - Scott A. Vanstone},
title = {Handbook of Applied cryptography},
journal = {Hash functions},
year = {1996},
volume = {4to Edicion},
pages = {33}
}

@article{h,
author = {Alfred J.Menezes - Paul C.van Oorschot - Scott A. Vanstone},
title = {Handbook of Applied cryptography},
journal = {DES},
year = {1996},
volume = {4to Edicion},
pages = {250-256}
}

@article{i,
author = {Vicente Martín},
title = {Criptografía Cuántica Aplicada},
journal = {Criptografía Cuántica Aplicada},
year = {2007}
}

@article{j,
author = {Jesús Martínez Mateo},
title = {Criptografía Cuántica Aplicada},
journal = {Criptografía Cuántica Aplicada},
year = {2008}
}

@PHDTHESIS{Papa01,
AUTHOR = {RAFAEL LAHOZ-BELTRA},
TITLE = {TURING-Pensando en Maquinas que Piensan},
SCHOOL = {Universidad Complutence de Madrid},
YEAR = {2012}
}

@PHDTHESIS{Papa02,
AUTHOR = {ALBERTO T. PEREZ I.},
TITLE = {MAX PLANCK-La Revolucion de lo muy Pequeño},
SCHOOL = {Universidad de Sevilla},
YEAR = {2012}
}

@PHDTHESIS{Papa03,
AUTHOR = {MIGUEL A. SABADELI},
TITLE = {FEYNMAN-Cuando un Foton conoce un Electron},
SCHOOL = {INTA-CSIC},
YEAR = {2012}
}

@PHDTHESIS{Papa04,
AUTHOR = {JESUS NAVERRO FAUS},
TITLE = {HEISENBERG-¿Existe el Mundo cuando no lo Miras?},
SCHOOL = {Instituto de Fisica Corpuscular-Universidad de Valencia},
YEAR = {2010}
}

@PHDTHESIS{Papa05,
AUTHOR = {CASLAV BRUKNER},
TITLE = {Quantum Entanglement: Information-theoretical
Foundations, Bell’s Theorems and Quantum Communication Complexity},
SCHOOL = {Universität Wien},
YEAR = {2002}
}

@PHDTHESIS{Papa06,
AUTHOR = {HERNAN ORTIZ ROJAS},
TITLE = {Fundamentos de Criptografia Cuantica},
SCHOOL = {UNIVERSIDAD EAFIT},
YEAR = {2007}
}

@PHDTHESIS{Papa07,
AUTHOR = {JOHN PRESKILL},
TITLE = {Quantum information theory},
SCHOOL = {CALTECH},
YEAR = {----}
}

@PHDTHESIS{Papa08,
AUTHOR = {INTERNET},
TITLE = {Quantum Computer Comes Closer to Cracking RSA Encryption},
SCHOOL = {....},
YEAR = {....}
}

@PHDTHESIS{Papa09,
AUTHOR = {MATTHIAS SCHOLZ},
TITLE = {Quantum Key Distribution via BB84
An Advanced Lab Experiment},
SCHOOL = {U---},
YEAR = {2007}
}
