@article{a,
author = {Marcela Wilder},
title = {Test de Primalidad, aplicación a la criptografía},
journal = {Test de Primalidad, aplicación a la criptografía},
pages = {44-46}
}

@article{b,
author = {William Stallings},
title = {Cryptography and Network Security},
journal = {Cryptography and Network Security},
year = {2005},
volume = {4to Edicion},
pages = {245-251}
}

@article{c,
author = {Alfred J.Menezes - Paul C.van Oorschot - Scott A. Vanstone},
title = {Handbook of Applied cryptography},
journal = {Introduction, Information security and cryptography},
year = {1996},
volume = {4to Edicion},
pages = {133-149}
}

@article{d,
author = {Ashok K. Chandra - George Markowsky},
title = {On the number of prime implicants},
journal = {On the number of prime implicants},
year = {1977}
}

@article{e,
author = {Marc Joye - Pascal Paillier},
title = {Constructive Methods for the Generation of Prime Numbers},
journal = {Constructive Methods for the Generation of Prime Numbers},
year = {2001}
}

@article{f,
author = {Marc Joye - Pascal Paillier - Serge Vaudenay},
title = {Efficient Generation of Prime Numbers},
journal = {Efficient Generation of Prime Numbers},
year = {2000}
}

@article{g,
author = {Shaft Goldwasser - J. C. Lagarias - Arjen K. Lenstra - Kevin S. McCurley - A. M. Odlysko},
title = {Proceedings of Symposia in Applied Mathematics},
journal = {Cryptology and Computational Number Theory},
volume = {42},
year = {19-30}
}

@article{h,
author = {Andrzej Chmielowiec},
title = {Primality proving with Gauss and Jacobi sums},
journal = {Primality proving with Gauss and Jacobi sums},
volume = {42},
year = {72-75}
}
