@book{de2002homo,
  title={Homo cybersapiens: la inteligencia artificial y la humana},
  author={de Andr{\'e}s, T.},
  isbn={9788431319823},
  series={Astrolabio (EUNSA).: Ciencias},
  url={https://books.google.com.pe/books?id=lH97AAAACAAJ},
  year={2002},
  publisher={Ediciones Universidad de Navarra}
}
