@book{garc√≠a2012inteligencia,
  title={Inteligencia artificial : fundamentos, pr{\'a}ctica y aplicaciones},
  author={Garc{\'\i}a, A.},
  isbn={9788493945022},
  url={https://books.google.com.pe/books?id=WDuqquRP70UC},
  year={2012},
  publisher={RC Libros}
}
