@book{pin2006lobos,
  title={Entre Lobos y Aut{\'o}matas: La Causa Del Hombre},
  author={Pin, V.G.},
  isbn={9788467023039},
  lccn={2007365134},
  series={Espasa hoy},
  url={https://books.google.com.pe/books?id=LUzXAAAAMAAJ},
  year={2006},
  publisher={Espasa}
}
