@article{a,
author = {William Stallings},
title = {Cryptography and Network Security},
journal = {Cryptography and Network Security},
year = {2005},
volume = {5},
pages = {147-191}
}