@article{a,
	author = {Leonel Sergio Carrasco Pérez},
	title = {Factorización de Enteros},
	journal = {Factorización de Enteros},
	pages = {13-65}
}
@article{b,
	author = {Urko Nalda Gil},
	title = {Factorización},
	journal = {Factorización},
	pages = {9-41}
}
@article{c,
	author = {Alfred J.Meneses, Paul C.van Oorschot, Scott A. Vanstone},
	title = {Handbook of Applied Cryptography},
	journal = {Handbook of Applied Cryptography},
	pages = {89-98}
}
@article{d,
	author = {Alfred J.Meneses, Paul C.van Oorschot, Scott A. Vanstone},
	title = {Prime Number},
	journal = {A computational perspective},
	pages = {225-242}
}
@article{e,
	author = {Jose Raul Duran Diaz},
	title = {Números primos especiales y sus aplicaciones criptográficas},
	journal = {Números primos especiales y sus aplicaciones criptográficas},
	pages = {98-101}
}
@article{f,
	author = {Eric Bach},
	title = {Lecture 24: Dixon’s Algorithm},
	journal = {Lecture 24: Dixon’s Algorithm},
	pages = {1-3}
}
@article{g,
	author = {Kurt Bryan},
	title = {Notes on Factoring},
	journal = {Notes on Factoring},
	pages = {1-3}
}
@article{h,
	author = {William Stallings},
	title = {Criptography and Network Security},
	journal = {Principles and Practices},
	pages = {276-277}
}